@article{iqbal2021search,
  title={Search with discretion: Value sensitive design of training data for information retrieval},
  author={Iqbal, Modassir and Shilton, Katie and Sayed, Mahmoud F and Oard, Douglas and Rivera, Jonah Lynn and Cox, William},
  journal={Proceedings of the ACM on Human-Computer Interaction},
  volume={5},
  number={CSCW1},
  pages={1--20},
  year={2021},
  publisher={ACM New York, NY, USA}
}

@misc{TFTAEA:18,
  title={The Future of Email Archives},
  author={Task Force on Technical Approaches for Email Archives},
  year={2018},
  month={August},
  ISBN={9781932326598},
  howpublished="\url{https://www.clir.org/pubs/reports/pub175/}",
  note={Last accessed: 2023-12-15}
}

@inproceedings{klimt2004enron,
  title={The enron corpus: A new dataset for email classification research},
  author={Klimt, Bryan and Yang, Yiming},
  booktitle={European conference on machine learning},
  pages={217--226},
  year={2004},
  organization={Springer}
}

@inproceedings{hearst2005teaching,
  title={Teaching applied natural language processing: Triumphs and tribulations},
  author={Hearst, Marti A},
  booktitle={Proceedings of the Second ACL Workshop on Effective Tools and Methodologies for Teaching NLP and CL},
  pages={1--8},
  year={2005}
}

@article{mckechnie2024sara,
  title={SARA: A Collection of Sensitivity-Aware Relevance Assessments},
  author={McKechnie, Jack and McDonald, Graham},
  journal={arXiv preprint arXiv:2401.05144},
  year={2024}
}

@inproceedings{macavaney2021simplified,
  title={Simplified data wrangling with ir\_datasets},
  author={MacAvaney, Sean and Yates, Andrew and Feldman, Sergey and Downey, Doug and Cohan, Arman and Goharian, Nazli},
  booktitle={Proceedings of the 44th International ACM SIGIR Conference on Research and Development in Information Retrieval},
  pages={2429--2436},
  year={2021}
}

@inproceedings{wolf-etal-2020-transformers,
    title = "Transformers: State-of-the-Art Natural Language Processing",
    author = "Thomas Wolf and Lysandre Debut and Victor Sanh and Julien Chaumond and Clement Delangue and Anthony Moi and Pierric Cistac and Tim Rault and RÃ©mi Louf and Morgan Funtowicz and Joe Davison and Sam Shleifer and Patrick von Platen and Clara Ma and Yacine Jernite and Julien Plu and Canwen Xu and Teven Le Scao and Sylvain Gugger and Mariama Drame and Quentin Lhoest and Alexander M. Rush",
    booktitle = "Proceedings of the 2020 Conference on Empirical Methods in Natural Language Processing: System Demonstrations",
    month = "10",
    year = "2020",
    address = "Online",
    publisher = "Association for Computational Linguistics",
    url = "https://www.aclweb.org/anthology/2020.emnlp-demos.6",
    pages = "38--45"
}

@article{touvron2023llama,
  title={Llama 2: Open foundation and fine-tuned chat models},
  author={Touvron, Hugo and Martin, Louis and Stone, Kevin and Albert, Peter and Almahairi, Amjad and Babaei, Yasmine and Bashlykov, Nikolay and Batra, Soumya and Bhargava, Prajjwal and Bhosale, Shruti and others},
  journal={arXiv preprint arXiv:2307.09288},
  year={2023}
}

@article{jiang2023mistral,
  title={Mistral 7B},
  author={Jiang, Albert Q and Sablayrolles, Alexandre and Mensch, Arthur and Bamford, Chris and Chaplot, Devendra Singh and Casas, Diego de las and Bressand, Florian and Lengyel, Gianna and Lample, Guillaume and Saulnier, Lucile and others},
  journal={arXiv preprint arXiv:2310.06825},
  year={2023}
}

@article{jiang2024mixtral,
  title={Mixtral of experts},
  author={Jiang, Albert Q and Sablayrolles, Alexandre and Roux, Antoine and Mensch, Arthur and Savary, Blanche and Bamford, Chris and Chaplot, Devendra Singh and Casas, Diego de las and Hanna, Emma Bou and Bressand, Florian and others},
  journal={arXiv preprint arXiv:2401.04088},
  year={2024}
}

@article{kocon2023chatgpt,
  title={ChatGPT: Jack of all trades, master of none},
  author={Koco{\'n}, Jan and Cichecki, Igor and Kaszyca, Oliwier and Kochanek, Mateusz and Szyd{\l}o, Dominika and Baran, Joanna and Bielaniewicz, Julita and Gruza, Marcin and Janz, Arkadiusz and Kanclerz, Kamil and others},
  journal={Information Fusion},
  pages={101861},
  year={2023},
  publisher={Elsevier}
}

@article{krugmann2024sentiment,
  title={Sentiment Analysis in the Age of Generative AI},
  author={Krugmann, Jan Ole and Hartmann, Jochen},
  journal={Customer Needs and Solutions},
  volume={11},
  number={1},
  pages={1--19},
  year={2024},
  publisher={Springer}
}