@article{rehurek2011gensim,
  title={Gensim--python framework for vector space modelling},
  author={Rehurek, Radim and Sojka, Petr},
  journal={NLP Centre, Faculty of Informatics, Masaryk University, Brno, Czech Republic},
  volume={3},
  number={2},
  year={2011}
}

@article{paszke2019pytorch,
  title={Pytorch: An imperative style, high-performance deep learning library},
  author={Paszke, Adam and Gross, Sam and Massa, Francisco and Lerer, Adam and Bradbury, James and Chanan, Gregory and Killeen, Trevor and Lin, Zeming and Gimelshein, Natalia and Antiga, Luca and others},
  journal={Advances in neural information processing systems},
  volume={32},
  year={2019}
}