@misc{FOIA:00,
  title={Freedom of Information Act 2000},
  author={UK Parliament},
  year={2000},
  howpublished="\url{https://www.legislation.gov.uk/ukpga/2000/36/contents}",
  note={Last accessed: 2023-12-15}
}

@inproceedings{mcdonald2014towards,
  title={Towards a classifier for digital sensitivity review},
  author={McDonald, Graham and Macdonald, Craig and Ounis, Iadh and Gollins, Timothy},
  booktitle={Advances in Information Retrieval: 36th European Conference on IR Research, ECIR 2014, Amsterdam, The Netherlands, April 13-16, 2014. Proceedings 36},
  pages={500--506},
  year={2014},
  organization={Springer}
}

@inproceedings{mcdonald2017enhancing,
  title={Enhancing sensitivity classification with semantic features using word embeddings},
  author={McDonald, Graham and Macdonald, Craig and Ounis, Iadh},
  booktitle={Advances in Information Retrieval: 39th European Conference on IR Research, ECIR 2017, Aberdeen, UK, April 8-13, 2017, Proceedings 39},
  pages={450--463},
  year={2017},
  organization={Springer}
}

@article{baron2022providing,
  title={Providing more efficient access to government records: a use case involving application of machine learning to improve FOIA Review for the deliberative process privilege},
  author={Baron, Jason R and Sayed, Mahmoud F and Oard, Douglas W},
  journal={ACM Journal on Computing and Cultural Heritage (JOCCH)},
  volume={15},
  number={1},
  pages={1--19},
  year={2022},
  publisher={ACM New York, NY}
}

@inproceedings{narvala2022sensitivity,
  title={Sensitivity review of large collections by identifying and prioritising coherent documents groups},
  author={Narvala, Hitarth and McDonald, Graham and Ounis, Iadh},
  booktitle={Proceedings of the 31st ACM International Conference on Information \& Knowledge Management},
  pages={4931--4935},
  year={2022}
}

@misc{SG:23,
  title={Average response times for an FOI request: FOI release},
  author={Scottish Government},
  year={2023},
  month={May},
  howpublished="\url{https://www.gov.scot/publications/average-response-times-for-an-foi-request-foi-release/}",
  note={Last accessed: 2023-12-15}
}

@misc{ONS:23,
  title={Freedom of Information statistics: annual 2022 bulletin},
  author={Office for National Statistics},
  year={2023},
  month={May},
  howpublished="\url{https://www.gov.uk/government/statistics/freedom-of-information-statistics-annual-2022/freedom-of-information-statistics-annual-2022-bulletin}",
  note={Last accessed: 2023-12-15}
}

@misc{TNA:16,
  title={The digital landscape in government 2014-15},
  author={The National Archives},
  year={2016},
  howpublished="\url{https://www.nationalarchives.gov.uk/information-management/manage-information/policy-process/reviewing-digital-records-management-government/research/}",
  note={Last accessed: 2023-12-15}
}

@article{mcdonald2020accuracy,
  title={How the accuracy and confidence of sensitivity classification affects digital sensitivity review},
  author={Mcdonald, Graham and Macdonald, Craig and Ounis, Iadh},
  journal={ACM Transactions on Information Systems (TOIS)},
  volume={39},
  number={1},
  pages={1--34},
  year={2020},
  publisher={ACM New York, NY, USA}
}

@article{qiu2020pre,
  title={Pre-trained models for natural language processing: A survey},
  author={Qiu, Xipeng and Sun, Tianxiang and Xu, Yige and Shao, Yunfan and Dai, Ning and Huang, Xuanjing},
  journal={Science China Technological Sciences},
  volume={63},
  number={10},
  pages={1872--1897},
  year={2020},
  publisher={Springer}
}

@article{adiwardana2020towards,
  title={Towards a human-like open-domain chatbot},
  author={Adiwardana, Daniel and Luong, Minh-Thang and So, David R and Hall, Jamie and Fiedel, Noah and Thoppilan, Romal and Yang, Zi and Kulshreshtha, Apoorv and Nemade, Gaurav and Lu, Yifeng and others},
  journal={arXiv preprint arXiv:2001.09977},
  year={2020}
}

@article{roller2020recipes,
  title={Recipes for building an open-domain chatbot},
  author={Roller, Stephen and Dinan, Emily and Goyal, Naman and Ju, Da and Williamson, Mary and Liu, Yinhan and Xu, Jing and Ott, Myle and Shuster, Kurt and Smith, Eric M and others},
  journal={arXiv preprint arXiv:2004.13637},
  year={2020}
}

@article{openai2023gpt,
  title={GPT-4 technical report},
  author={OpenAI, R},
  journal={arXiv},
  pages={2303--08774},
  year={2023}
}

@inproceedings{baron2023using,
  title={Using ChatGPT for the FOIA Exemption 5 Deliberative Process Privilege},
  author={Baron, Jason R and Rollings, Nathaniel W and Oard, Douglas W},
  year={2023},
  booktitle    = {Proceedings of the Third International Workshop on Artificial Intelligence
                  and Intelligent Assistance for Legal Professionals in the Digital
                  Workplace (LegalAIIA 2023) co-located with the 19th International
                  Conference on Artificial Intelligence and Law {(ICAIL} 2023), Braga,
                  Portugal, June 19, 2023},
  series       = {{CEUR} Workshop Proceedings},
  volume       = {3423},
  pages        = {32--48},
  publisher    = {CEUR-WS.org},
  url          = {https://ceur-ws.org/Vol-3423/paper4.pdf},
}

@article{brown2020language,
  title={Language models are few-shot learners},
  author={Brown, Tom and Mann, Benjamin and Ryder, Nick and Subbiah, Melanie and Kaplan, Jared D and Dhariwal, Prafulla and Neelakantan, Arvind and Shyam, Pranav and Sastry, Girish and Askell, Amanda and others},
  journal={Advances in neural information processing systems},
  volume={33},
  pages={1877--1901},
  year={2020}
}

@article{naveed2023comprehensive,
  title={A comprehensive overview of large language models},
  author={Naveed, Humza and Khan, Asad Ullah and Qiu, Shi and Saqib, Muhammad and Anwar, Saeed and Usman, Muhammad and Barnes, Nick and Mian, Ajmal},
  journal={arXiv preprint arXiv:2307.06435},
  year={2023}
}

@article{liu2023pre,
  title={Pre-train, prompt, and predict: A systematic survey of prompting methods in natural language processing},
  author={Liu, Pengfei and Yuan, Weizhe and Fu, Jinlan and Jiang, Zhengbao and Hayashi, Hiroaki and Neubig, Graham},
  journal={ACM Computing Surveys},
  volume={55},
  number={9},
  pages={1--35},
  year={2023},
  publisher={ACM New York, NY}
}

@article{wei2023zero,
  title={Zero-shot information extraction via chatting with chatgpt},
  author={Wei, Xiang and Cui, Xingyu and Cheng, Ning and Wang, Xiaobin and Zhang, Xin and Huang, Shen and Xie, Pengjun and Xu, Jinan and Chen, Yufeng and Zhang, Meishan and others},
  journal={arXiv preprint arXiv:2302.10205},
  year={2023}
}

@article{kojima2022large,
  title={Large language models are zero-shot reasoners},
  author={Kojima, Takeshi and Gu, Shixiang Shane and Reid, Machel and Matsuo, Yutaka and Iwasawa, Yusuke},
  journal={Advances in neural information processing systems},
  volume={35},
  pages={22199--22213},
  year={2022}
}

